@article{dialog2016,
    author = {Loukachevich N., Rubtsova Yu.},
    title = {SentiRuEval-2016: Overcoming Time Gap and Data Sparsity in Tweet
        Sentiment Analysis, Proceedings of International Conference Dialog-2016},
    year = {2016}
}
@article{diploma2015,
    author = {Завгородний А.},
    title = {Анализ тональноасти предложений на материале соощений из Твиттера},
    year = {2015},
}
@article{dialog2015,
    author = {Loukachevitch N., Blinov P., Kotelnikov E., Rubtsova Yu., Ivanov V., Tutubalina E},
    title = {SentiRuEval: testing object-oriented sentiment analysis systems in Russian, Proceedings of
International Conference Dialog-2015},
    year = {2015},
    volume = {2},
    pages = {3 -- 13}
}
@misc{rubtsovaCollection,
    author = {Рубцова Ю.},
    title = {Корпус коротких текстов на русском языке на основе "постов" сети Twitter},
    url = {study.mokoron.com}
}
